% Encoding: UTF-8

@Article{Lohse2003,
  author    = {Lohse, Detlef},
  title     = {Bubble puzzles},
  journal   = {Physics Today},
  year      = {2003},
  volume    = {56},
  number    = {2},
  pages     = {36--41},
  publisher = {AIP},
}

@Article{Kreider2011,
  author    = {Kreider, Wayne and Crum, Lawrence A and Bailey, Michael R and Sapozhnikov, Oleg A},
  title     = {A reduced-order, single-bubble cavitation model with applications to therapeutic ultrasound},
  journal   = {The Journal of the Acoustical Society of America},
  year      = {2011},
  volume    = {130},
  number    = {5},
  pages     = {3511--3530},
  publisher = {ASA},
}

@Article{Hilgenfeldt1998,
  author  = {Hilgenfeldt, Sascha and Brenner, Michael P and Grossmann, Siegfried and Lohse, Detlef},
  title   = {Analysis of Rayleigh-Plesset dynamics for sonoluminescing bubbles},
  journal = {Journal of Fluid Mechanics},
  year    = {1998},
  volume  = {365},
  pages   = {171-204},
}

@Comment{jabref-meta: databaseType:bibtex;}
